%% This BibTeX bibliography file was created using BibDesk.
%% http://bibdesk.sourceforge.net/


%% Created for Peter Haugen at 2018-10-23 14:12:03 -0600 


%% Saved with string encoding Unicode (UTF-8) 



@article{PhysRevE.94.012224,
	Author = {Plihon, Nicolas and Miralles, Sophie and Bourgoin, Mickael and Pinton, Jean-Fran\ifmmode \mbox{\c{c}}\else \c{c}\fi{}ois},
	Date-Added = {2018-10-23 14:12:00 -0600},
	Date-Modified = {2018-10-23 14:12:00 -0600},
	Doi = {10.1103/PhysRevE.94.012224},
	Issue = {1},
	Journal = {Phys. Rev. E},
	Month = {Jul},
	Numpages = {12},
	Pages = {012224},
	Publisher = {American Physical Society},
	Title = {Stochastic reversal dynamics of two interacting magnetic dipoles: A simple model experiment},
	Url = {https://link.aps.org/doi/10.1103/PhysRevE.94.012224},
	Volume = {94},
	Year = {2016},
	Bdsk-Url-1 = {https://link.aps.org/doi/10.1103/PhysRevE.94.012224},
	Bdsk-Url-2 = {https://doi.org/10.1103/PhysRevE.94.012224}}

@article{doi:10.1119/1.5029823,
	Author = {Borgers,Stefan and V{\"o}lkel,Simeon and Sch{\"o}pf,Wolfgang and Rehberg,Ingo},
	Date-Added = {2018-10-19 11:46:04 -0500},
	Date-Modified = {2018-10-19 11:46:04 -0500},
	Doi = {10.1119/1.5029823},
	Eprint = {https://doi.org/10.1119/1.5029823},
	Journal = {American Journal of Physics},
	Number = {6},
	Pages = {460-469},
	Title = {Exploring cogging free magnetic gears},
	Url = {https://doi.org/10.1119/1.5029823},
	Volume = {86},
	Year = {2018},
	Bdsk-Url-1 = {https://doi.org/10.1119/1.5029823}}

@article{doi:10.1139/p96-151,
	Author = {Pollack, G L and Stump, D R},
	Date-Added = {2018-10-19 11:44:42 -0500},
	Date-Modified = {2018-10-19 11:44:42 -0500},
	Doi = {10.1139/p96-151},
	Eprint = {https://doi.org/10.1139/p96-151},
	Journal = {Canadian Journal of Physics},
	Number = {5},
	Pages = {313-324},
	Title = {Two magnets oscillating in each other's fields},
	Url = {https://doi.org/10.1139/p96-151},
	Volume = {75},
	Year = {1997},
	Bdsk-Url-1 = {https://doi.org/10.1139/p96-151}}
